% Encoding: UTF-8

@phdthesis{冯茜基于改进粒子群算法的多目标优化及其应用,
 author = {冯茜},
 title = {基于改进粒子群算法的多目标优化及其应用},
 school = {北京科技大学},
 year = {2022}
 }

@mastersthesis{1022792085.nh,
 author = {李星成},
 title = {区域电网的变压器直流偏磁隔直装置优化安装策略},
 school = {浙江大学},
 year = {2022}
 }


@ARTICLE{詹志辉CoevolutionaryParticleSwarmOptimizationWithBottleneckObjectiveLearningStrategyforMany-ObjectiveOptimization,
  author={Liu, Xiao-Fang and Zhan, Zhi-Hui and Gao, Ying and Zhang, Jie and Kwong, Sam and Zhang, Jun},
  journal={IEEE Transactions on Evolutionary Computation}, 
  title={Coevolutionary Particle Swarm Optimization With Bottleneck Objective Learning Strategy for Many-Objective Optimization}, 
  year={2019},
  volume={23},
  number={4},
  pages={587-602},
  doi={10.1109/TEVC.2018.2875430}}

@article{阎凤-基于量子粒子群优化SVM算法的水质预测研究,
 author = {阎凤},
 title = {基于量子粒子群优化SVM算法的水质预测研究},
 journal = {计算机时代},
 volume = {No.369},
 number = {1-6},
 year = {2023},
 issn = {1006-8228},
 doi ={10.16644/j.cnki.cn33-1094/tp.2023.03.001}
 }

@article{JZDF201501014,
 author = {回立川,于淼,郭磊,王德建,牛朝阳},
 title = {改进的多目标粒子群算法及其应用},
 journal = {控制工程},
 volume = {22},
 number = {73-77},
 year = {2015},
 issn = {1671-7848},
 doi ={10.14107/j.cnki.kzgc.132340}
 }
