% Encoding: UTF-8

@Book{Sun2021,
  author    = {孙玺菁，司守奎},
  publisher = {国防工业出版社},
  title     = {数学建模算法与应用（第三版）},
  year      = {2021},
  address   = {北京},
}

@Book{Jiang2018,
  author    = {姜启源，谢金星，叶俊},
  publisher = {高等教育出版社},
  title     = {数学模型（第五版）},
  year      = {2018},
  address   = {北京},
}

@Book{Wang2012,
  author    = {姜启源，谢金星，叶俊},
  publisher = {高等教育出版社},
  title     = {数学模型（第五版）},
  year      = {2018},
  address   = {北京},
}

@Book{Zhuo2018,
  author    = {王期千，刘深泉},
  publisher = {广东科技出版社},
  title     = {数学建模思路简析},
  year      = {2012},
  address   = {广州},
}

@Book{,
}

@Comment{jabref-meta: databaseType:bibtex;}
